<?xml version="1.0" encoding="UTF-8"?><record xmlns="http://www.loc.gov/MARC21/slim" xmlns:cinclude="http://apache.org/cocoon/include/1.0" xmlns:zs="http://www.loc.gov/zing/srw/">
  <leader>00281nz  a2200121n  4500</leader>
  <controlfield tag="001">n  97117196 </controlfield>
  <controlfield tag="003">DLC</controlfield>
  <controlfield tag="005">19971121161319.7</controlfield>
  <controlfield tag="008">971121n| acannaab|          |n aaa |||  </controlfield>
  <datafield tag="010" ind1=" " ind2=" ">
    <subfield code="a">n  97117196 </subfield>
  </datafield>
  <datafield tag="040" ind1=" " ind2=" ">
    <subfield code="a">DLC</subfield>
    <subfield code="c">DLC</subfield>
  </datafield>
  <datafield tag="100" ind1="1" ind2="0">
    <subfield code="a">Molde, Audun</subfield>
  </datafield>
  <datafield tag="670" ind1=" " ind2=" ">
    <subfield code="a">Wow!, c1996:</subfield>
    <subfield code="b">t.p. (Audun Molde)</subfield>
  </datafield>
</record>